1111111111111111111111111111111111111111111111111111111111111111111111


Здравствуйте, уважаемые члены Государственной экзаменационной комиссии. Представляю вашему вниманию выпускную квалификационную работу на тему «Разработка механизма прямых трансграничных финансовых операций между цифровыми валютами разных стран».


2222222222222222222222222222222222222222222222222222222222222222222222222222

СОДЕРЖАНИЕ


33333333333333333333333333333333333333333333333333333333333333333333

АКТУАЛЬНОСТЬ


44444444444444444444444444444444444444444444444444444444444444444444444


Проблема
Современная фиатная система сталкивается с рядом серьезных проблем при проведении трансграничных транзакций. Во-первых, такие операции часто медленные и дорогостоящие из-за необходимости привлечения множества посредников и соблюдения сложных процедур. Это особенно актуально для стран, находящихся под санкциями, где доступ к международным финансовым системам ограничен. Кроме того, существующие блокчейны, использующие традиционные консенсус-механизмы, такие как Proof of Work (PoW) и Proof of Stake (PoS), также имеют свои ограничения. Эти алгоритмы могут быть медленными, энергозатратными и требуют значительных вычислительных ресурсов, что делает их неудобными для массового использования.
Решение
Предложенным решением является внедрение нового экономического слоя на основе криптовалют, который строится на гибком и быстром консенсус-механизме Proof of Authority (PoA). В отличие от PoW и PoS, PoA основывается на ограниченном числе авторизованных валидаторов, что позволяет значительно ускорить процесс подтверждения транзакций и уменьшить затраты на их проведение. Это делает систему более эффективной и удобной для пользователей, особенно в контексте международных переводов.

Почему это актуально

актуальность обеспечивают Обход санкций,Снижение издержек,Прозрачность и безопасность, Цифровизация экономики и  Поддержка экономики


5555555555555555555555555555555555555555555555555555555555555555555555555555555555555

ЦЕЛЬ РАБОТЫ


66666666666666666666666666666666666666666666666666666666666666666666666666666666666666


Взять лучшее из имеющегося

Для решения перечисленных проблем идеально подходит алгоритм Proof of Authority (PoA), разработанный в 2017 году.

Адаптировать под задачу

Для успешного применения PoA необходимо создать блокчейн экосистему, включающую:
Криптографию, хранилище, ноды и веб интерфейс

777777777777777777777777777777777777777777777777777777777777777777777777777777777777777

Блокчейн — это распределенный цифровой реестр, который записывает транзакции в цепочке блоков. Каждая транзакция проверяется и добавляется в блок, который затем связывается с предыдущими блоками, создавая цепочку. Этот процесс обеспечивает безопасность, прозрачность и неизменность данных. 

Поколения блокчейнов
1. Первое поколение (Blockchain 1.0)
Первые блокчейны, ориентированные на криптовалюты.
- Примеры: Bitcoin.

2. Второе поколение (Blockchain 2.0)
Введение смарт-контрактов и расширение функциональности блокчейнов.
- Примеры: Ethereum.

3. Третье поколение (Blockchain 3.0)
Решение проблем масштабируемости, интероперабельности и улучшение производительности.
- Примеры: Cardano, Polkadot.

4. Четвертое поколение (Blockchain 4.0)
Интеграция блокчейна в промышленность и корпоративные приложения, с акцентом на безопасность, масштабируемость и эффективность.
- Примеры: VeChain, Hyperledger.


Мое решение относится к 4-му поколению блокчейнов благодаря корпоративной интеграции, высокой производительности, гибкости и улучшенной безопасности.


8888888888888888888888888888888888888888888888888888888888888888888888888888888888888888

На данный момент существует несколько реализаций блокчейна на PoA: 

Ethereum (Kovan)
Тестовая сеть Ethereum, использующая PoA.
Используется для тестирования и не обладает полной функциональностью основной сети.

VeChain
Блокчейн для корпоративных решений с фокусом на управление цепочками поставок.
Основной фокус на управление цепочками поставок, что ограничивает применение в других областях.

POA Network
Платформа для создания и управления децентрализованными приложениями (dApps).
Меньшая экосистема и поддержка по сравнению с крупными блокчейн-платформами. Требует более сложного управления и настройки.


Xooa
Платформа для упрощенной разработки блокчейн-приложений.
Основной фокус на упрощенной разработке приложений, что может ограничивать сложные корпоративные применения.


В отличии от этих существующих решений мое решение предназначено для использования в реальных условиях, более масштабируемо, имеет лучшую пропускную способность. Подходит для широкого спектра корпоративных и промышленных применений с хорошими механизмами децентрализации. 



99999999999999999999999999999999999999999999999999999999999999999999999999999999999999999

ПОСТАВЛЕННЫЕ ЗАДАЧИ


101010101010101010101010101010101010101010101010101010101010101010101010101010101010101010101010


Для решения вышеописанных проблем с помощью создания системы проведения транзакций на консенсус-механизме PoA требовалось провести анализ существующих решений, выбрать средства разработки и програмное обеспечение, проанализировать и подготовиться к потеницальным уязвимостям, разработать архитектуру взаимодействия всех систем блкочейна друг с другом, разработать основные модули, криптографический, нодовый и модуль веб интерфейса и спланировать дальнейшее развитие системы.

1111111111111111111111111111111111111111111111111111111111111111111111111111111111111111111111111


ВЫЯВЛЕННЫЕ ПРОБЛЕМЫ

12121212121212121212121212121212121212121212121212121212121212121212121212121212121212121212121212


В ходе разработки были выявлены сложности и проблемы, некоторые решения были вопросом оптимального выбора, а некоторые пришлось придумывать с нуля, их еще не существовало в открытом доступе.

1. Криптография - На этапе планирования нужно было выбрать с помощью каких алгоритмов будут генерироваться ключи, мнемонические фразы, как шифровать их, как преобразовывать ключи в адреса, как проверять подписи итд.
2. Уникальные транзакции - у каждой транзакции в блокчейне должен быть уникальный хеш, при одинаковых данных возникает хеш коллизия которую блокчейны решают добавлением случайного числа но это лишняя информация которую не хочется хранить.
3. Сбои синхронизации - что делать если нода приняла блок и при проверке выявила неверную транзакцию (хеш не сошелся) или подпись оказалась неверной или в блоке что то не так.
4. Синхронизация нод - как устроить процесс производства блоков, каким образом ноды будут понимать когда нужно ждать а когда генерировать блок И так далее.

131313131313131313131313131313131313131313131313131313131313131313131313131313131313131313131313131313131313131313


РЕШЕНИЯ ПРОБЛЕМ


1414141414141414141414141414141414141414141414141414141414141414141414141414141414141414141414141414141414141414

1. Криптография - для генерации мнемонических фраз я выбрал bip39. Адреса из публичных ключей получаются с помощью bech32. Ключи из секретной фразы генерируются с помощью криптографии на эллиптических кривых (esdsa а конкретнее ed25519)

2. Вместо добавления случайного числа время станет этим уникальным параметром если сделать его достаточно точным, в частности увеличив точность до микросекунд, а если не будет хватать хоть до пико фемто секунд. По итогу хеш всегджа будет уникальным из за разности во времени транзакций.

3. Сбои синхронизации - Эта проблему я решил системой автофорка, невалидные блоки или транзакции никак не влияют на работу нод. При получении неверного блока который нода не может провалидировать он автоматически отвергается и цепочки блоков этих нод расходятся навсегда. В дальнейшем пользователь имеет возможность выбрать ноду и цепочку блоков которая ему нужна в веб интерфейсе.

4. Синхронизация нод - Система готовности и ожидания, уведомления и блокировки.

У нод есть два основных статуса - "готовность" и "ожидание". На основе этих флагов и алгоритмов определения предыдущей ноды они не сбиваются и бесконечно последовательно генерируют блоки. Подробнее эта система описана вкр в пункте 2.3.5 модуль ноды.


151515151515151515151515151515151515151515151515151515151515151515151515151515151515151515151515151515151515151515

ВЫБОР СРЕДСТВ РАЗРАБОТКИ


1616161616161616161616161616161616161616161616161616161616161616161616161616161616161616161616161616161616161616161616161616

В качестве языка программирования был выбран пайтон, база данных в постгрескл, взаимодействие между языком и базой происходит с помощью orm sqlalchemy и драйвера asyncpg. Веб и запросы работают на fastapi и запускается на ASGI (англ. Asynchronous Server Gateway Interface) веб сервере uvicorn. 

171717171717171717171717171717171717171717171717171717171717171717171717171717171717171717171717171717171717171717171717


ПОЛЬЗОВАТЕЛЬСКИЙ ИНТЕРФЕЙС


18181818181818181818181818181818181818181818181818181818181818181818181818181818181818181818181818181818181818181818

окно аутентификации и генерации мнемонической фразы, единственной вещи которая обеспечивает доступ к кошельку, из нее уже генерируются приватный и публичный ключи.

1919191919191919191919191919191919191919191919191919191919191919191919191919191919191919191919191919191919191919

Главное окно кошелька с функциями перевода подписей и множеством разделов. Отображение баланса и адреса.

2020202020202020202020202020202020202020202020202020202020202020202020202020202020202020202020202020202020202020

наверху - выбор ноды доступен с любого раздела сайта, можно наблюдать статус онлайна, количество блоков, при нажатии все автоматически обновлячется на новую ноду. На скриншоте активна только одна нода.

внизу - интерфейс создания подписи с функцией копирования.

212121212121212121212121212121212121212121212121212121212121212121212121212121212121212121212121212121212121212121

сверху - интерфейс отправки криптовалюты, финальное подтверждение

внизу - отображение полученной транзакции в разделе кошелька. Внизу страницы кошелька есть все транзакции с возможностью сортировки.

22222222222222222222222222222222222222222222222222222222222222222222222222222222222222222222222222222222222222222222

При нажатии на адрес в транзакции мы попадаем на страницу просмотра адреса, в адресной строке видно как оно формируется, на ней видно то же что и в разделе кошелька, но без возможности отправки криптовалюты тк это просто просмотр.


232323232323232323232323232323232323232323232323232323232323232323232323232323232323232323232323232323232323232323

Если нажать на кнопку перейти к транзакции мы попадаем в раздел просмотра транзакции где видны все ее подробности. Номер блока кликабелен и если нажать на него то откроется страница подробного просмотра блока.

242424242424242424242424242424242424242424242424242424242424242424242424242424242424242424242424242424242424242424

в разделе просмотра блока все его подробности, предыдщий хеш ведет на такую же страницу только с информацией о предыдущем блоке. также внизу отображаются все транзакции которые попали в этот блок.

25252525252525252525252525252525252525252525252525252525252525252525252525252525252525252525252525252525252525


В разделе кошелька есть кнопка блоки и по ней мы попадаем на обзорщик блоков, где в реальном времени отображается генерация блоков с возможностью посмотреть каждый блок подробнее, внизу страницы есть пагинация а наверху поиск который позволяет искать по адресу, номеру блока, хешу транзкации и попадать на страницы обзора.

26262626262626262626262626262626262626262626262626262626262626262626262626262626262626262626262626262626

ПЕРСПЕКТИВЫ РАЗВИТИЯ

27272727272727272727272727272727272727272727272727272727272727272727272727272727272727272727272727272727

Что можно внедрить в дальнейшем

1. балансировщик запросов чтобы не случайно подбиралась вода.
2. Различные виды криптовалют за счет префиксов.
3. Написать тесты.
4. Обменник криптовалют.
5. I18N Internationalization перевод сайт на разные языки.

2828282828282828282828282828282828282828282828282828282828282828282828282828282828282828282828282828

ВЫВОДЫ

292929292929292929292929292929292929292929292929292929292929292929292929292929292929292929


Разработанное блокчейн-решение обеспечивает значительное повышение эффективности и снижение затрат благодаря быстрой и недорогой обработке транзакций, устранению необходимости в многочисленных посредниках и снижению потребления вычислительных ресурсов. Высокий уровень безопасности достигается за счет децентрализованной и неизменяемой природы блокчейна, что вместе с публичной доступностью всех транзакций повышает доверие и прозрачность системы. Блокчейн активно способствует цифровизации экономики, предоставляя основу для создания новых цифровых сервисов и продуктов, поддерживая малый и средний бизнес, а также открывая возможности для автоматизации процессов через смарт-контракты и улучшенное управление данными.


303030303030303030303030303030303030303030303030303030303030303030303030303030303030303030

Спасибо за внимание, по куеркоду доступна разработанная система, а точнее ее сайт с запущенными двумя нодами там можно делать что угодно, адаптируется для телефонов итд



Вопросы ответы:


В чем выгода держать ноду?
Участие в управлении сетью, держатели нод производят и инициируют изменения в блокчейне. Повышенная безопасность и стабильность, компании выгодно самой отвечать за проведение своих транзакций и следить за доступностью воды. Репутация и авторитет помогает укрепить Деловую репутацию компании привлечь партнеров тк они видят приверженность к высоким стандартам безопасности и надежности


В чем отличие от цифрового рубля?

1. Технологическая основа
- Ваша криптовалюта: Децентрализована, основана на блокчейне с алгоритмом PoA.
- Цифровой рубль: Централизован, контролируется Центральным банком России.

2. Цели и использование
- Ваша криптовалюта: Международные транзакции, цифровые сервисы, инновации.
- Цифровой рубль: Внутренние расчеты и платежи в России.

3. Масштабируемость и инновации
- Ваша криптовалюта: Быстрое масштабирование и поддержка новых бизнес-моделей.
- Цифровой рубль: Фокус на стабильности и безопасности под контролем регулятора.



Что такое BIP39?
BIP-39 это стандарт, который описывает метод генерации мнемонических фраз. Основная идея заключается в использовании набора из 2048 слов, из которых можно сформировать мнемоническую фразу длиной 12, 15, 18, 21 или 24 слова. Эти фразы служат для создания криптографического кошелька и позволяют пользователю легко запоминать и записывать свои ключи. 
Для 12-словной фразы шанс составляет 1 из 5 квинтиллионов, то есть почти невозможно



Интегрировать в мобильные приложение?
С помощью PWA progressive web app например


Откуда появилась тема вкр?
Хотелось сделать реально быстрый удобно разворачиваемый блокчейн готовый к использованию без переусложнений идеологических и решить некоторые проблемы которые мне в блокчщейнах не нравилисьь например лимит транзакций в блоке лимит транзакции в секунду лишние данные в транзакциях и неудобность форков.

