1111111111111111111111111111111111111111111111111111111111111111111111


Здравствуйте, уважаемые члены Государственной экзаменационной комиссии. Представляю вашему вниманию выпускную квалификационную работу на тему «Разработка механизма прямых трансграничных финансовых операций между цифровыми валютами разных стран».


2222222222222222222222222222222222222222222222222222222222222222222222222222

СОДЕРЖАНИЕ


33333333333333333333333333333333333333333333333333333333333333333333333333333

АКТУАЛЬНОСТЬ


44444444444444444444444444444444444444444444444444444444444444444444444


Проблема
Современная фиатная система сталкивается с рядом серьезных проблем при проведении трансграничных транзакций. Во-первых, такие операции часто медленные и дорогостоящие из-за необходимости привлечения множества посредников и соблюдения сложных процедур. Это особенно актуально для стран, находящихся под санкциями, где доступ к международным финансовым системам ограничен. Кроме того, существующие блокчейны, использующие традиционные консенсус-механизмы, такие как Proof of Work (PoW) и Proof of Stake (PoS), также имеют свои ограничения. Эти алгоритмы могут быть медленными, энергозатратными и требуют значительных вычислительных ресурсов, что делает их неудобными для массового использования.
Решение
Предложенным решением является внедрение нового экономического слоя на основе криптовалют, который строится на гибком и быстром консенсус-механизме Proof of Authority (PoA). В отличие от PoW и PoS, PoA основывается на ограниченном числе авторизованных валидаторов, что позволяет значительно ускорить процесс подтверждения транзакций и уменьшить затраты на их проведение. Это делает систему более эффективной и удобной для пользователей, особенно в контексте международных переводов.

Почему это актуально
1. Обход санкций
Использование блокчейна PoA позволяет России и другим странам обходить международные санкции. Транзакции в такой системе не зависят от централизованных финансовых институтов, подверженных санкционному давлению, что обеспечивает большую свободу и независимость в международных расчетах.
2. Снижение издержек
Блокчейн PoA значительно снижает операционные издержки благодаря устранению необходимости в большом числе посредников и уменьшению расходов на обработку транзакций. Это делает международные платежи более доступными и выгодными для бизнеса и частных лиц.
3. Прозрачность и безопасность
Одна из ключевых особенностей блокчейна – это его прозрачность и безопасность. Все транзакции записываются в неизменяемый реестр, который доступен для проверки всеми участниками сети. Это исключает возможность мошенничества и повышает доверие к системе, что особенно важно в условиях растущих киберугроз.
4. Цифровизация экономики
Внедрение блокчейн-технологий способствует цифровизации экономики России. Это соответствует стратегическим целям страны по развитию цифровых технологий и инноваций, делая экономику более современной и конкурентоспособной.
5. Поддержка экономики
Особое значение имеет поддержка малого и среднего бизнеса, который часто сталкивается с трудностями при проведении международных транзакций. Блокчейн PoA обеспечивает более простой, быстрый и дешевый способ проведения платежей, что способствует развитию бизнеса и укреплению его позиций на международных рынках.

На картинке сравнение тпс транзакции в секундну, видно насколько разработанный блокчейн обгоняет остальные системы, упор буквально в пропускную способность сервера.


5555555555555555555555555555555555555555555555555555555555555555555555555555555555555

ЦЕЛЬ РАБОТЫ


66666666666666666666666666666666666666666666666666666666666666666666666666666666666666


Взять лучшее из имеющегося

Для решения перечисленных проблем идеально подходит алгоритм Proof of Authority (PoA), разработанный в 2017 году. PoA обеспечивает высокую скорость обработки транзакций и меньшие затраты благодаря использованию авторизованных валидаторов, что сокращает время на валидацию транзакций и снижает потребление ресурсов.

Адаптировать под задачу

Для успешного применения PoA необходимо создать блокчейн экосистему, включающую:
Криптография: Обеспечение безопасности и защиты данных.
Хранилище: Надежная система для управления данными.
Ноды: Авторизованные и доверенные ноды для поддержания безопасности сети.
Веб-интерфейс: Удобный интерфейс для мониторинга транзакций и управления аккаунтами.

777777777777777777777777777777777777777777777777777777777777777777777777777777777777777

ПОСТАВЛЕННЫЕ ЗАДАЧИ


8888888888888888888888888888888888888888888888888888888888888888888888888888888888888888


Для решения вышеописанных проблем с помощью создания системы проведения транзакций с помощью блокчейна на консенсус-механизме PoA требовалось провести анализ существующих решений, выбрать средства разработки и програмное обеспечение, проанализировать и подготовиться к потеницальным уязвимостям, разработать архитектуру взаимодействия всех систем блкочейна друг с другом, разработать основные модули, криптографический, нодовый и модуль веб интерфейса и спланировать дальнейшее развитие системы.

На этапах анализа и проектирования было обнаружено некоторое количество проблем, дальше о них.

99999999999999999999999999999999999999999999999999999999999999999999999999999999999999999


ВЫЯВЛЕННЫЕ ПРОБЛЕМЫ

101010101010101010101010101010101010101010101010101010101010101010101010101010101010101010101010








