1111111111111111111111111111111111111111111111111111111111111111111111


Здравствуйте, уважаемые члены Государственной экзаменационной комиссии. Представляю вашему вниманию выпускную квалификационную работу на тему «Разработка механизма прямых трансграничных финансовых операций между цифровыми валютами разных стран».


2222222222222222222222222222222222222222222222222222222222222222222222222222

СОДЕРЖАНИЕ


33333333333333333333333333333333333333333333333333333333333333333333333333333

Блокчейн — это распределенный цифровой реестр, который записывает транзакции в цепочке блоков. Каждая транзакция проверяется и добавляется в блок, который затем связывается с предыдущими блоками, создавая цепочку. Этот процесс обеспечивает безопасность, прозрачность и неизменность данных. 

Поколения блокчейнов
1. Первое поколение (Blockchain 1.0)
Первые блокчейны, ориентированные на криптовалюты.
- Примеры: Bitcoin.
- Особенности: Простые транзакции и децентрализованная передача цифровых активов.

2. Второе поколение (Blockchain 2.0)
Введение смарт-контрактов и расширение функциональности блокчейнов.
- Примеры: Ethereum.
- Особенности: Возможность автоматизации и выполнения программируемых контрактов.

3. Третье поколение (Blockchain 3.0)
Решение проблем масштабируемости, интероперабельности и улучшение производительности.
- Примеры: Cardano, Polkadot.
- Особенности: Улучшенная скорость транзакций, межсетевые взаимодействия и устойчивость.

4. Четвертое поколение (Blockchain 4.0)
Интеграция блокчейна в промышленность и корпоративные приложения, с акцентом на безопасность, масштабируемость и эффективность.
- Примеры: VeChain, Hyperledger.
- Особенности: Промышленные и корпоративные решения, высокая производительность и адаптация для бизнес-использования.


Мое блокчейн-решение относится к четвертому поколению (Blockchain 4.0). Оно ориентировано на интеграцию в корпоративные и промышленно-ориентированные системы, обеспечивая высокую скорость и производительность благодаря алгоритму Proof of Authority (PoA). Моя система решает проблемы безопасности и масштабируемости, предлагая надежные и эффективные решения для бизнеса и международных транзакций.


44444444444444444444444444444444444444444444444444444444444444444444444

АКТУАЛЬНОСТЬ


5555555555555555555555555555555555555555555555555555555555555555555555555555555555555


Проблема
Современная фиатная система сталкивается с рядом серьезных проблем при проведении трансграничных транзакций. Во-первых, такие операции часто медленные и дорогостоящие из-за необходимости привлечения множества посредников и соблюдения сложных процедур. Это особенно актуально для стран, находящихся под санкциями, где доступ к международным финансовым системам ограничен. Кроме того, существующие блокчейны, использующие традиционные консенсус-механизмы, такие как Proof of Work (PoW) и Proof of Stake (PoS), также имеют свои ограничения. Эти алгоритмы могут быть медленными, энергозатратными и требуют значительных вычислительных ресурсов, что делает их неудобными для массового использования.
Решение
Предложенным решением является внедрение нового экономического слоя на основе криптовалют, который строится на гибком и быстром консенсус-механизме Proof of Authority (PoA). В отличие от PoW и PoS, PoA основывается на ограниченном числе авторизованных валидаторов, что позволяет значительно ускорить процесс подтверждения транзакций и уменьшить затраты на их проведение. Это делает систему более эффективной и удобной для пользователей, особенно в контексте международных переводов.

Почему это актуально

актуальность обеспечивают Обход санкций,Снижение издержек,Прозрачность и безопасность, Цифровизация экономики и  Поддержка экономики


66666666666666666666666666666666666666666666666666666666666666666666666666666666666666

ЦЕЛЬ РАБОТЫ


777777777777777777777777777777777777777777777777777777777777777777777777777777777777777


Взять лучшее из имеющегося

Для решения перечисленных проблем идеально подходит алгоритм Proof of Authority (PoA), разработанный в 2017 году. PoA обеспечивает высокую скорость обработки транзакций и меньшие затраты благодаря использованию авторизованных валидаторов, что сокращает время на валидацию транзакций и снижает потребление ресурсов.

Адаптировать под задачу

Для успешного применения PoA необходимо создать блокчейн экосистему, включающую:
Криптографию: Обеспечение безопасности и защиты данных.
Хранилище: Надежную систему для управления данными.
Ноды: Авторизованные и доверенные ноды для поддержания безопасности сети.
Веб-интерфейс: Удобный интерфейс для мониторинга транзакций и управления аккаунтами.

8888888888888888888888888888888888888888888888888888888888888888888888888888888888888888

На данный момент существует несколько реализаций блокчейна на PoA: 

Ethereum (Kovan)
Тестовая сеть Ethereum, использующая PoA.
- Быстрая обработка транзакций, высокая масштабируемость, поддержка сообщества.
- Не подходит для основной сети, ограниченное применение.

VeChain
Блокчейн для корпоративных решений с фокусом на управление цепочками поставок.
- Высокая скорость транзакций, низкие издержки, интеграция с IoT.
- Центральность, ограниченная децентрализация.

POA Network
Платформа для создания и управления децентрализованными приложениями (dApps).
- Высокая скорость, низкие комиссии, простота развертывания dApps.
- Меньшая известность, ограниченное количество валидаторов.

Xooa
Платформа для упрощенной разработки блокчейн-приложений.
- Простота использования, высокая скорость транзакций, поддержка корпоративных приложений.
- Ограниченная децентрализация, низкая известность.


Чем лучше моя? За счет уникальных решений которые я опишу дальше, в частности уменьшение размеров транзакции и нативный автофорк.

99999999999999999999999999999999999999999999999999999999999999999999999999999999999999999

ПОСТАВЛЕННЫЕ ЗАДАЧИ


101010101010101010101010101010101010101010101010101010101010101010101010101010101010101010101010


Для решения вышеописанных проблем с помощью создания системы проведения транзакций с помощью блокчейна на консенсус-механизме PoA требовалось провести анализ существующих решений, выбрать средства разработки и програмное обеспечение, проанализировать и подготовиться к потеницальным уязвимостям, разработать архитектуру взаимодействия всех систем блкочейна друг с другом, разработать основные модули, криптографический, нодовый и модуль веб интерфейса и спланировать дальнейшее развитие системы.

На этапах анализа и проектирования было обнаружено некоторое количество проблем, дальше о них.

1111111111111111111111111111111111111111111111111111111111111111111111111111111111111111111111111


ВЫЯВЛЕННЫЕ ПРОБЛЕМЫ

12121212121212121212121212121212121212121212121212121212121212121212121212121212121212121212121212


В ходе разработки были выявлены сложности и проблемы, некоторые решения были вопросом оптимального выбора, а некоторые пришлось придумывать с нуля, их еще не существовало в открытом доступе.

1. Криптография - На этапе планирования нужно было выбрать с помощью каких алгоритмов будут генерироваться ключи, мнемонические фразы, как шифровать их, как преобразовывать ключи в адреса, как проверять подписи итд.
2. Уникальные транзакции - у каждой транзакции в блокчейне должен быть уникальный хеш, хеш составляется из адреса отправителя получателя и суммы, но чтол если происходит транзакция с одинаковыми адресами отправителя получателя суммы? получается хеш коллизия. в существующих блокчейнах эта проблема решается добавлением случайного числа, но это лишняя ненужна информация в базе, коотрую хранить не хочется.
3. Сбои синхронизации - что делать если нода приняла блок и при проверке выявила неверную транзакцию (хеш не сошелся) или подпись оказалась неверной или в блоке что то не так.
4. Синхронизация нод - как устроить процесс производства блоков, каким образом ноды будут понимать что им пора генерировать блок или что нужно ждать блока от другой ноды, что делать непосредственно после запуска итд.

131313131313131313131313131313131313131313131313131313131313131313131313131313131313131313131313131313131313131313


РЕШЕНИЯ ПРОБЛЕМ


1414141414141414141414141414141414141414141414141414141414141414141414141414141414141414141414141414141414141414

1. Криптография - для генерации мнемонических фраз я выбрал стандартную bip39 это классика работает везде и хорошо. Адреса из публичных ключей получаются с помощью bech32, он используется в биткоине и поддерживает различные префиксы. Ключи из секретной фразы генерируются с помощью криптографии на эллиптических кривых (esdsa а конкретнее ed25519)
2. Вместо добавления случайного числа время станет этим уникальным параметром если сделать его достаточно точным, в частности увеличив точность до микросекунд, а если не будет хватать хоть до пико фемто секунд. По итогу хеш всегджа будет уникальным из за разности во времени транзакций.
3. Сбои синхронизации - В процессе решения этой проблемы я придумал систему автофорка, невалидные блоки или транзакции никак не влияют на работу нод. Пример: Кто то запустил ноду в которой поменял код так что с адреса с нулевым балансом можно отправлять сколько угодно денег, через эту ноду он производит транзакции и нода пытается передать эти блоки другим нодам. Другие правильные ноды не принимают эти транзакции и не записывают их к себе в базу, но та первая нода записала уже их к себе и теперь получая блоки от хороших нод она не будет записывать их к себе так как их история блокчейна разошлась и хеши последних блоков отличаются. Тем самым получился автоматический форк. Его преимущество в том что для проведения изменений в нодах не нужно делать масштабную работу по переключению нод, все происходит нативно. В дальнейшем у пользотвателя через веб интерфейс есть возможность выбрать ноду с той веткой блоков которая его устраивает.
4. Синхронизация нод - как ноды понимают когда им получать блоки когда записывать когда генерировать итд. После запуска нода ищет ноду для синхронизации с самой большой цепочкой блоков и пытается скачать все эти блоки и сохранить себе, есть некоторые нюансы но в основном именно тка происходит после запуска. 

- У нод есть два основных статуса - "готовность" и "ожидание". При запуске нода находится в статусе "ожидание". Готовые ноды могут генерировать блоки, только что запущенные ноды могут только принимать блоки. Если нет других активных нод, то нода становится "готовой", иначе она остается в режиме ожидания. 
- Когда наступает время для создания блока, активная и готовая нода берет все неподтвержденные транзакции, созданные через нее, и формирует новый блок, вычисляя дерево Меркла на основе этих транзакций.
- Нода отправляет уведомление всем другим активным нодам о предстоящем выпуске нового блока, подписывая его собственным ключом.
- Активные ноды получают уведомление, проверяют его подпись и отклоняют, если подпись неверна. Если проверка прошла успешно, они переходят к следующему шагу (негтовые ноды после получения уведомления становятся готовыми)
- Блок добавляется в локальную копию блокчейна текущей ноды, и в него включаются данные о новом блоке и его транзакциях.
- Новый блок рассылается всем остальным активным нодам с подписью.
- Другие активные ноды принимают блок, валидируют его подпись и хеши всех транзакций и добавляют его к себе в базу.
- Очередь переключается на следующую ноду по порядку, и весь процесс повторяется (после выпуска блока нода переходит в режим ожидания) получившая блок ожидающая нода если понимает что блок передала нода перед ней выходит из режима ожидания.

Далее этот цикл бесконечно повторяется.


151515151515151515151515151515151515151515151515151515151515151515151515151515151515151515151515151515151515151515

ВЫБОР СРЕДСТВ РАЗРАБОТКИ


1616161616161616161616161616161616161616161616161616161616161616161616161616161616161616161616161616161616161616161616161616

В качестве языка программирования был выбран пайтон, база данных в постгрескл, взаимодействие между языком и базой происходит с помощью orm sqlalchemy и драйвера asyncpg. Веб и запросы работают на fastapi и запускается на ASGI (англ. Asynchronous Server Gateway Interface) веб сервере uvicorn. 

171717171717171717171717171717171717171717171717171717171717171717171717171717171717171717171717171717171717171717171717


ПОЛЬЗОВАТЕЛЬСКИЙ ИНТЕРФЕЙС


18181818181818181818181818181818181818181818181818181818181818181818181818181818181818181818181818181818181818181818

окно аутентификации и генерации мнемонической фразы, единственной вещи которая обеспечивает доступ к кошельку, из нее уже генерируются приватный и публичный ключи.

1919191919191919191919191919191919191919191919191919191919191919191919191919191919191919191919191919191919191919

Главное окно кошелька с функциями перевода подписей и множеством разделов. Отображение баланса и адреса.

2020202020202020202020202020202020202020202020202020202020202020202020202020202020202020202020202020202020202020

наверху - выбор ноды доступен с любого раздела сайта, можно наблюдать статус онлайна, количество блоков, при нажатии все автоматически обновлячется на новую ноду. На скриншоте активна только одна нода.

внизу - интерфейс создания подписи с функцией копирования.

212121212121212121212121212121212121212121212121212121212121212121212121212121212121212121212121212121212121212121

сверху - интерфейс отправки криптовалюты, финальное подтверждение

внизу - отображение полученной транзакции в разделе кошелька. Внизу страницы кошелька есть все транзакции с возможностью сортировки.

22222222222222222222222222222222222222222222222222222222222222222222222222222222222222222222222222222222222222222222

При нажатии на адрес в транзакции мы попадаем на страницу просмотра адреса, в адресной строке видно как оно формируется, на ней видно то же что и в разделе кошелька, но без возможности отправки криптовалюты тк это просто просмотр.


232323232323232323232323232323232323232323232323232323232323232323232323232323232323232323232323232323232323232323

Если нажать на кнопку перейти к транзакции мы попадаем в раздел просмотра транзакции где видны все ее подробности. Номер блока кликабелен и если нажать на него то откроется страница подробного просмотра блока.

242424242424242424242424242424242424242424242424242424242424242424242424242424242424242424242424242424242424242424

в разделе просмотра блока все его подробности, предыдщий хеш ведет на такую же страницу только с информацией о предыдущем блоке. также внизу отображаются все транзакции которые попали в этот блок.

25252525252525252525252525252525252525252525252525252525252525252525252525252525252525252525252525252525252525


В разделе кошелька есть кнопка блоки и по ней мы попадаем на обзорщик блоков, где в реальном времени отображается генерация блоков с возможностью посмотреть каждый блок подробнее, внизу страницы есть пагинация а наверху поиск который позволяет искать по адресу, номеру блока, хешу транзкации и попадать на страницы обзора.

26262626262626262626262626262626262626262626262626262626262626262626262626262626262626262626262626262626

ПЕРСПЕКТИВЫ РАЗВИТИЯ

27272727272727272727272727272727272727272727272727272727272727272727272727272727272727272727272727272727

Что можно внедрить в дальнейшем

1. балансировщик - система балансировки запросов который выбирает ноду для базового подключения не рандомно а в зависимости от расстояния и загруженности
2. POAChain подразумевает различные префиксы у адресов, что потенциально позволяет иметь несколько подвалют
3. Система транзакция гибкая и имеет в себе встроенную информацию о версии что позволяет безболезненно обновлять содержание транзакций и обрабатывать их обособленно в зависимости от версии.
Написание тестов
4. Биржи для обмена криптовалюты и получения нужной нам в текущем блокчейне.
5. I18N Internationalization то етсь локализация сайта на различные языки

2828282828282828282828282828282828282828282828282828282828282828282828282828282828282828282828282828

ВЫВОДЫ

292929292929292929292929292929292929292929292929292929292929292929292929292929292929292929


Разработанное блокчейн-решение с алгоритмом Proof of Authority (PoA) обеспечивает значительное повышение эффективности и снижение затрат благодаря быстрой и недорогой обработке транзакций, устранению необходимости в многочисленных посредниках и снижению потребления вычислительных ресурсов. Высокий уровень безопасности достигается за счет децентрализованной и неизменяемой природы блокчейна, что вместе с публичной доступностью всех транзакций повышает доверие и прозрачность системы. Блокчейн активно способствует цифровизации экономики, предоставляя основу для создания новых цифровых сервисов и продуктов, поддерживая малый и средний бизнес, а также открывая возможности для автоматизации процессов через смарт-контракты и улучшенное управление данными.


303030303030303030303030303030303030303030303030303030303030303030303030303030303030303030

Спасибо за внимание, по куеркоду доступна разработанная система, а точнее ее сайт с запущенными двумя нодами там можно делать что угодно, адаптируется для телефонов итд



Вопросы ответы:


В чем выгода держать ноду?
Участие в управлении сетью, держатели нод производят и инициируют изменения в блокчейне. Повышенная безопасность и стабильность, компании выгодно самой отвечать за проведение своих транзакций и следить за доступностью воды. Репутация и авторитет помогает укрепить Деловую репутацию компании привлечь партнеров тк они видят приверженность к высоким стандартам безопасности и надежности


В чем отличие от цифрового рубля?

1. Технологическая основа
- Ваша криптовалюта: Децентрализована, основана на блокчейне с алгоритмом PoA.
- Цифровой рубль: Централизован, контролируется Центральным банком России.

2. Централизация vs. Децентрализация**
- Ваша криптовалюта: Децентрализованная сеть с распределенным управлением.
- Цифровой рубль: Централизованное управление и полный контроль со стороны государства.

3. Конфиденциальность
- Ваша криптовалюта: Более высокая степень защиты данных.
- Цифровой рубль: Полная отслеживаемость транзакций государственными органами.

4. Цели и использование
- Ваша криптовалюта: Международные транзакции, цифровые сервисы, инновации.
- Цифровой рубль: Внутренние расчеты и платежи в России.

5. Масштабируемость и инновации
- Ваша криптовалюта: Быстрое масштабирование и поддержка новых бизнес-моделей.
- Цифровой рубль: Фокус на стабильности и безопасности под контролем регулятора.


