1111111111111111111111111111111111111111111111111111111111111111111111


Здравствуйте, уважаемые члены Государственной экзаменационной комиссии. Представляю вашему вниманию выпускную квалификационную работу на тему «Разработка механизма прямых трансграничных финансовых операций между цифровыми валютами разных стран».


2222222222222222222222222222222222222222222222222222222222222222222222222222

СОДЕРЖАНИЕ


33333333333333333333333333333333333333333333333333333333333333333333333333333

АКТУАЛЬНОСТЬ


44444444444444444444444444444444444444444444444444444444444444444444444


Проблема
Современная фиатная система сталкивается с рядом серьезных проблем при проведении трансграничных транзакций. Во-первых, такие операции часто медленные и дорогостоящие из-за необходимости привлечения множества посредников и соблюдения сложных процедур. Это особенно актуально для стран, находящихся под санкциями, где доступ к международным финансовым системам ограничен. Кроме того, существующие блокчейны, использующие традиционные консенсус-механизмы, такие как Proof of Work (PoW) и Proof of Stake (PoS), также имеют свои ограничения. Эти алгоритмы могут быть медленными, энергозатратными и требуют значительных вычислительных ресурсов, что делает их неудобными для массового использования.
Решение
Предложенным решением является внедрение нового экономического слоя на основе криптовалют, который строится на гибком и быстром консенсус-механизме Proof of Authority (PoA). В отличие от PoW и PoS, PoA основывается на ограниченном числе авторизованных валидаторов, что позволяет значительно ускорить процесс подтверждения транзакций и уменьшить затраты на их проведение. Это делает систему более эффективной и удобной для пользователей, особенно в контексте международных переводов.

Почему это актуально
1. Обход санкций
Использование блокчейна PoA позволяет России и другим странам обходить международные санкции. Транзакции в такой системе не зависят от централизованных финансовых институтов, подверженных санкционному давлению, что обеспечивает большую свободу и независимость в международных расчетах.
2. Снижение издержек
Блокчейн PoA значительно снижает операционные издержки благодаря устранению необходимости в большом числе посредников и уменьшению расходов на обработку транзакций. Это делает международные платежи более доступными и выгодными для бизнеса и частных лиц.
3. Прозрачность и безопасность
Одна из ключевых особенностей блокчейна – это его прозрачность и безопасность. Все транзакции записываются в неизменяемый реестр, который доступен для проверки всеми участниками сети. Это исключает возможность мошенничества и повышает доверие к системе, что особенно важно в условиях растущих киберугроз.
4. Цифровизация экономики
Внедрение блокчейн-технологий способствует цифровизации экономики России. Это соответствует стратегическим целям страны по развитию цифровых технологий и инноваций, делая экономику более современной и конкурентоспособной.
5. Поддержка экономики
Особое значение имеет поддержка малого и среднего бизнеса, который часто сталкивается с трудностями при проведении международных транзакций. Блокчейн PoA обеспечивает более простой, быстрый и дешевый способ проведения платежей, что способствует развитию бизнеса и укреплению его позиций на международных рынках.

На картинке сравнение тпс транзакции в секундну, видно насколько разработанный блокчейн обгоняет остальные системы, упор буквально в пропускную способность сервера.


5555555555555555555555555555555555555555555555555555555555555555555555555555555555555

ЦЕЛЬ РАБОТЫ


66666666666666666666666666666666666666666666666666666666666666666666666666666666666666


Взять лучшее из имеющегося

Для решения перечисленных проблем идеально подходит алгоритм Proof of Authority (PoA), разработанный в 2017 году. PoA обеспечивает высокую скорость обработки транзакций и меньшие затраты благодаря использованию авторизованных валидаторов, что сокращает время на валидацию транзакций и снижает потребление ресурсов.

Адаптировать под задачу

Для успешного применения PoA необходимо создать блокчейн экосистему, включающую:
Криптография: Обеспечение безопасности и защиты данных.
Хранилище: Надежная система для управления данными.
Ноды: Авторизованные и доверенные ноды для поддержания безопасности сети.
Веб-интерфейс: Удобный интерфейс для мониторинга транзакций и управления аккаунтами.

777777777777777777777777777777777777777777777777777777777777777777777777777777777777777

ПОСТАВЛЕННЫЕ ЗАДАЧИ


8888888888888888888888888888888888888888888888888888888888888888888888888888888888888888


Для решения вышеописанных проблем с помощью создания системы проведения транзакций с помощью блокчейна на консенсус-механизме PoA требовалось провести анализ существующих решений, выбрать средства разработки и програмное обеспечение, проанализировать и подготовиться к потеницальным уязвимостям, разработать архитектуру взаимодействия всех систем блкочейна друг с другом, разработать основные модули, криптографический, нодовый и модуль веб интерфейса и спланировать дальнейшее развитие системы.

На этапах анализа и проектирования было обнаружено некоторое количество проблем, дальше о них.

99999999999999999999999999999999999999999999999999999999999999999999999999999999999999999


ВЫЯВЛЕННЫЕ ПРОБЛЕМЫ

101010101010101010101010101010101010101010101010101010101010101010101010101010101010101010101010


В ходе разработки были выявлены сложности и проблемы, некоторые решения были вопросом оптимального выбора, а некоторые пришлось придумывать с нуля, их еще не существовало в открытом доступе.

1. Криптография - На этапе планирования нужно было выбрать с помощью каких алгоритмов будут генерироваться ключи, мнемонические фразы, как шифровать их, как преобразовывать ключи в адреса, как проверять подписи итд.
2. Уникальные транзакции - у каждой транзакции в блокчейне должен быть уникальный хеш, хеш составляется из адреса отправителя получателя и суммы, но чтол если происходит транзакция с одинаковыми адресами отправителя получателя суммы? в существующих блокчейнах эта проблема решается добавлением случайного числа, но это лишняя ненужна информация в базе, коотрую хранить не хочется.
3. Сбои синхронизации - что делать если нода приняла блок и при проверке выявила неверную транзакцию (хеш не сошелся) или подпись оказалась неверной или в блоке что то не так.
4. Синхронизация нод - как устроить процесс производства блоков, каким образом ноды будут понимать что им пора генерировать блок или что нужно ждать блока от другой ноды, что делать непосредственно после запуска итд.

1111111111111111111111111111111111111111111111111111111111111111111111111111111111111111111111111


РЕШЕНИЯ ПРОБЛЕМ


12121212121212121212121212121212121212121212121212121212121212121212121212121212121212121212121212

1. Криптография - для генерации мнемонических фраз я выбрал стандартную bip39 это классика работает везде и хорошо. Адреса из публичных ключей получаются с помощью bech32, он используется в биткоине и поддерживает различные префиксы. Ключи из секретной фразы генерируются с помощью криптографии на эллиптических кривых (esdsa а конкретнее ed25519)
2. Вместо добавления случайного числа время станет этим уникальным параметром если сделать его достаточно точным, в частности увеличив точность до микросекунд, а если не будет хватать хоть до пико фемто секунд. По итогу хеш всегджа будет уникальным из за разности во времени транзакций.
3. Сбои синхронизации - В процессе решения этой проблемы я придумал систему автофорка, невалидные блоки или транзакции никак не влияют на работу нод. Пример: Кто то запустил ноду в которой поменял код так что с адреса с нулевым балансом можно отправлять сколько угодно денег, через эту ноду он производит транзакции и нода пытается передать эти блоки другим нодам. Другие правильные ноды не принимают эти транзакции и не записывают их к себе в базу, но та первая нода записала уже их к себе и теперь получая блоки от хороших нод она не будет записывать их к себе так как их история блокчейна разошлась и хеши последних блоков отличаются. Тем самым получился автоматический форк. Его преимущество в том что для проведения изменений в нодах не нужно делать масштабную работу по переключению нод, все происходит нативно. В дальнейшем у пользотвателя через веб интерфейс есть возможность выбрать ноду с той веткой транзакций которая его устраивает.
4. Синхронизация нод - как ноды понимают когда им получать блоки когда записывать когда генерировать итд. После запуска нода ищет ноду для синхронизации с самой большой цепочкой блоков и пытается скачать все эти блоки и сохранить себе, есть некоторые нюансы но в основном именно тка происходит после запуска. 

- У нод есть два основных статуса - "готовность" и "ожидание". При запуске нода находится в статусе "ожидание". Готовые ноды могут генерировать блоки, только запущенные ноды могут только принимать блоки. Если нет других активных нод, то нода становится "готовой", иначе она остается в режиме ожидания. 
- Когда наступает время для создания блока, активная и готовая нода берет все неподтвержденные транзакции, созданные через нее, и формирует новый блок, вычисляя дерево Меркла на основе этих транзакций.
- Нода отправляет уведомление всем другим активным нодам о предстоящем выпуске нового блока, подписывая его собственным ключом.
- Активные ноды получают уведомление, проверяют его подпись и отклоняют, если подпись неверна. Если проверка прошла успешно, они переходят к следующему шагу (негтовые ноды после получения уведомления становятся готовыми)
- Блок добавляется в локальную копию блокчейна текущей ноды, и в него включаются данные о новом блоке и его транзакциях.
- Новый блок рассылается всем остальным активным нодам с подписью.
- Другие активные ноды принимают блок, валидируют его подпись и хеши всех транзакций и добавляют его к себе в базу.
- Очередь переключается на следующую ноду по порядку, и весь процесс повторяется (после выпуска блока нода переходит в режим ожидания) получившая блок ожидающая нода если понимает что блок передала нода перед ней выходит из режима ожидания.

Далее этот цикл бесконечно повторяется.


131313131313131313131313131313131313131313131313131313131313131313131313131313131313131313131313131313131313131313

ВЫБОР СРЕДСТВ РАЗРАБОТКИ


1414141414141414141414141414141414141414141414141414141414141414141414141414141414141414141414141414141414141414

В качестве языка программирования был выбран пайтон, база данных в постгрескл, взаимодействие между языком и базой происходит с помощью orm sqlalchemy и драйвера asyncpg. Веб и запросы работают на fastapi и запускается на ASGI (англ. Asynchronous Server Gateway Interface) веб сервере uvicorn. 

151515151515151515151515151515151515151515151515151515151515151515151515151515151515151515151515151515151515151515


ПОЛЬЗОВАТЕЛЬСКИЙ ИНТЕРФЕЙС


1616161616161616161616161616161616161616161616161616161616161616161616161616161616161616161616161616161616161616161616161616

окно аутентификации и генерации мнемонической фразы, единственной вещи которая обеспечивает доступ к кошельку, из нее уже генерируются приватный и публичный ключи.

171717171717171717171717171717171717171717171717171717171717171717171717171717171717171717171717171717171717171717171717

Главное окно кошелька с функциями перевода подписей и множеством разделов. Отображение баланса и адреса.

18181818181818181818181818181818181818181818181818181818181818181818181818181818181818181818181818181818181818181818

наверху - выбор ноды доступен с любого раздела сайта, можно наблюдать статус онлайна, количество блоков, при нажатии все автоматически обновлячется на новую ноду.

внизу - интерфейс создания подписи с функцией копирования.

1919191919191919191919191919191919191919191919191919191919191919191919191919191919191919191919191919191919191919

сверху - интерфейс отправки криптовалюты, финальное подтверждение

внизу - отображение полученной транзакции в разделе кошелька. Внизу страницы кошелька есть все транзакции с возможностью сортировки.

2020202020202020202020202020202020202020202020202020202020202020202020202020202020202020202020202020202020202020

При нажатии на адрес в транзакции мы попадаем на страницу просмотра адреса, в адресной строке видно как оно формируется, на ней видно то же что и в разделе кошелька, но без возможности отправки криптовалюты тк это просто просмотр.


212121212121212121212121212121212121212121212121212121212121212121212121212121212121212121212121212121212121212121

Если нажать на кнопку перейти к транзакции мы попадаем в раздел просмотра транзакции где видны все ее подробности. Номер блока кликабелен и если нажать на него то откроется страница подробного просмотра блока.

22222222222222222222222222222222222222222222222222222222222222222222222222222222222222222222222222222222222222222222

в разделе просмотра блока все его подробности, предыдщий хеш ведет на такую же страницу только с информацией о предыдущем блоке. также внизу отображаются все транзакции которые попали в этот блок.

232323232323232323232323232323232323232323232323232323232323232323232323232323232323232323232323232323232323232323


В разделе кошелька есть кнопка блоки и по ней мы попадаем на обзорщик блоков, где в реальном времени отображается генерация блоков с возможностью посмотреть каждый блок подробнее, внизу страницы есть пагинация а также поиск который позволяет искать по адресу, номеру блока, хешу транзкации и попадать на страницы обзора.

242424242424242424242424242424242424242424242424242424242424242424242424242424242424242424242424242424242424242424

ПЕРСПЕКТИВЫ РАЗВИТИЯ

25252525252525252525252525252525252525252525252525252525252525252525252525252525252525252525252525252525252525


1. балансировщик - система балансировки запросов который выбирает ноду для базового подключения не рандомно а в зависимости от расстояния и загруженности
2. POAChain подразумевает различные префиксы у адресов, что потенциально позволяет иметь несколько подвалют
3. Система транзакция гибкая и имеет в себе встроенную информацию о версии что позволяет безболезненно обновлять содержание транзакций и обрабатывать их обособленно в зависимости от версии.
4. Биржи для обмена криптовалюты и получения нужной нам в текущем блокчейне.
5. I18N Internationalization то етсь локализация сайта на различные языки

26262626262626262626262626262626262626262626262626262626262626262626262626262626262626262626262626262626

ВЫВОДЫ

27272727272727272727272727272727272727272727272727272727272727272727272727272727272727272727272727272727


Разработанное блокчейн-решение с алгоритмом Proof of Authority (PoA) обеспечивает значительное повышение эффективности и снижение затрат благодаря быстрой и недорогой обработке транзакций, устранению необходимости в многочисленных посредниках и снижению потребления вычислительных ресурсов. Высокий уровень безопасности достигается за счет децентрализованной и неизменяемой природы блокчейна, что вместе с публичной доступностью всех транзакций повышает доверие и прозрачность системы. Блокчейн активно способствует цифровизации экономики, предоставляя основу для создания новых цифровых сервисов и продуктов, поддерживая малый и средний бизнес, а также открывая возможности для автоматизации процессов через смарт-контракты и улучшенное управление данными.


2828282828282828282828282828282828282828282828282828282828282828282828282828282828282828282828282828

Спасибо за внимание, по куеркоду доступен веб интерфейс блокчейна с запущенными двумя нодами там можно делать что угодно, адаптируется для телефонов итд




